<?xml version="1.0" encoding="UTF-8"?>
<marc:collection xmlns:marc="http://www.loc.gov/MARC21/slim" xmlns:xsi="http://www.w3.org/2001/XMLSchema-instance" xsi:schemaLocation="http://www.loc.gov/MARC21/slim http://www.loc.gov/standards/marcxml/schema/MARC21slim.xsd">
   <marc:record type="Bibliographic">
      <marc:leader>03493cam a2200529 a 4500</marc:leader>
      <marc:controlfield tag="001">719355</marc:controlfield>
      <marc:controlfield tag="003">NjP</marc:controlfield>
      <marc:controlfield tag="005">20100811131855.0</marc:controlfield>
      <marc:controlfield tag="007">hd bfa013baaa</marc:controlfield>
      <marc:controlfield tag="007">hd bfa013baba</marc:controlfield>
      <marc:controlfield tag="007">hd afa013baca</marc:controlfield>
      <marc:controlfield tag="008">920511s1856    ir      a     000 0 ara d</marc:controlfield>
      <marc:datafield tag="024" ind1="7" ind2=" ">
         <marc:subfield code="a">princeton_aco000087</marc:subfield>
         <marc:subfield code="2">local</marc:subfield>
      </marc:datafield>
      <marc:datafield tag="035" ind1=" " ind2=" ">
         <marc:subfield code="a">(OCoLC)ocn175988247</marc:subfield>
      </marc:datafield>
      <marc:datafield tag="035" ind1=" " ind2=" ">
         <marc:subfield code="a">(OCoLC)175988247</marc:subfield>
      </marc:datafield>
      <marc:datafield tag="035" ind1=" " ind2=" ">
         <marc:subfield code="a">(CStRLIN)NJPG92-B26365</marc:subfield>
      </marc:datafield>
      <marc:datafield tag="035" ind1=" " ind2=" ">
         <marc:subfield code="9">ADF5905TS</marc:subfield>
      </marc:datafield>
      <marc:datafield tag="035" ind1=" " ind2=" ">
         <marc:subfield code="a">(NjP)719355</marc:subfield>
      </marc:datafield>
      <marc:datafield tag="040" ind1=" " ind2=" ">
         <marc:subfield code="a">NjP</marc:subfield>
         <marc:subfield code="c">PUL</marc:subfield>
         <marc:subfield code="d">PUL</marc:subfield>
      </marc:datafield>
      <marc:datafield tag="049" ind1=" " ind2=" ">
         <marc:subfield code="a">PULL</marc:subfield>
      </marc:datafield>
      <marc:datafield tag="079" ind1=" " ind2=" ">
         <marc:subfield code="a">ocm25878222</marc:subfield>
      </marc:datafield>
      <marc:datafield tag="100" ind1="1" ind2=" ">
         <marc:subfield code="6">880-01</marc:subfield>
         <marc:subfield code="a">Muṭarrizī, Nāṣir ibn ʻAbd al-Sayyid,</marc:subfield>
         <marc:subfield code="d">1144-1213.</marc:subfield>
      </marc:datafield>
      <marc:datafield tag="240" ind1="1" ind2="0">
         <marc:subfield code="6">880-02</marc:subfield>
         <marc:subfield code="a">Īḍāḥ fī sharḥ Maqāmāt al-Ḥarīrī</marc:subfield>
      </marc:datafield>
      <marc:datafield tag="245" ind1="1" ind2="0">
         <marc:subfield code="6">880-03</marc:subfield>
         <marc:subfield code="a">Hādhā sharḥ laṭīf li-Abī al-Muẓaffar Nāṣir ibn al-Muṭarrizī ʻalá al-Maqāmāt allatī anshaʼahā al-Imām jamāl al-ʻaṣr Abī al-Qāsim ibn ʻAlī al-Ḥarīrī</marc:subfield>
         <marc:subfield code="h">[microform].</marc:subfield>
      </marc:datafield>
      <marc:datafield tag="246" ind1="3" ind2="0">
         <marc:subfield code="6">880-04</marc:subfield>
         <marc:subfield code="a">Sharḥ laṭīf li-Abī al-Muẓaffar Nāṣir ibn al-Muṭarrizī ʻalá al-Maqāmāt allatī anshaʼahā al-Imām jamāl al-ʻaṣr Abī al-Qāsim ibn ʻAlī al-Ḥarīrī</marc:subfield>
      </marc:datafield>
      <marc:datafield tag="260" ind1=" " ind2=" ">
         <marc:subfield code="6">880-05</marc:subfield>
         <marc:subfield code="a">[Tehran? :</marc:subfield>
         <marc:subfield code="b">s.n.],</marc:subfield>
         <marc:subfield code="c">1272 [1856]</marc:subfield>
      </marc:datafield>
      <marc:datafield tag="300" ind1=" " ind2=" ">
         <marc:subfield code="a">1 v. (unpaged) ;</marc:subfield>
         <marc:subfield code="c">24 cm.</marc:subfield>
      </marc:datafield>
      <marc:datafield tag="533" ind1=" " ind2=" ">
         <marc:subfield code="a">Microfilm.</marc:subfield>
         <marc:subfield code="b">Bethlehem, PA :</marc:subfield>
         <marc:subfield code="c">Mid-Atlantic Preservation Service,</marc:subfield>
         <marc:subfield code="d">1992.</marc:subfield>
         <marc:subfield code="e">1 microfilm reel ; 35 mm.</marc:subfield>
         <marc:subfield code="f">(Princeton University Arabic collection ; cn. 9201119.01).</marc:subfield>
         <marc:subfield code="7">s1992    paun a</marc:subfield>
      </marc:datafield>
      <marc:datafield tag="590" ind1=" " ind2=" ">
         <marc:subfield code="a">Princeton Arabic Microfilming Project.</marc:subfield>
      </marc:datafield>
      <marc:datafield tag="500" ind1=" " ind2=" ">
         <marc:subfield code="6">880-06</marc:subfield>
         <marc:subfield code="a">Copy 2 with copy 2 of: Durrat al-ghawāṣṣ fī awhām al-khawāṣṣ / lil-Imām al-Ḥarīrī. [Cairo : Maṭbaʻat al-Ḥajar al-Ḥumaydah], 1273 [1857]</marc:subfield>
      </marc:datafield>
      <marc:datafield tag="600" ind1="0" ind2="0">
         <marc:subfield code="6">880-07</marc:subfield>
         <marc:subfield code="a">Ḥarīrī,</marc:subfield>
         <marc:subfield code="d">1054-1122.</marc:subfield>
         <marc:subfield code="t">Maqāmāt.</marc:subfield>
      </marc:datafield>
      <marc:datafield tag="740" ind1="0" ind2=" ">
         <marc:subfield code="6">880-08</marc:subfield>
         <marc:subfield code="a">Sharḥ laṭīf li-Abī al-Muẓaffar Nāṣir ibn al-Muṭarrizī ʻalá al-Maqāmāt allatī anshaʼahā al-Imām jamāl al-ʻaṣr Abī al-Qāsim ibn ʻAlī al-Ḥarīrī.</marc:subfield>
      </marc:datafield>
      <marc:datafield tag="830" ind1=" " ind2="0">
         <marc:subfield code="a">Princeton University Arabic collection ;</marc:subfield>
         <marc:subfield code="v">cn. 9201119.01.</marc:subfield>
      </marc:datafield>
      <marc:datafield tag="880" ind1="1" ind2=" ">
         <marc:subfield code="6">100-01/r</marc:subfield>
         <marc:subfield code="a">مطرزي، ناصر بن عبد السيد،</marc:subfield>
         <marc:subfield code="d">1144-1213.</marc:subfield>
      </marc:datafield>
      <marc:datafield tag="880" ind1="1" ind2="0">
         <marc:subfield code="6">240-02/r</marc:subfield>
         <marc:subfield code="a">ايضاح في شرح مقامات الحريري</marc:subfield>
      </marc:datafield>
      <marc:datafield tag="880" ind1="1" ind2="0">
         <marc:subfield code="6">245-03/r</marc:subfield>
         <marc:subfield code="a">هذا شرح لطيف لابي المظفر ناصر بن المطرزي على المقامات التي انشأها الامام جمال العصر ابي القاسم بن علي الحريري</marc:subfield>
         <marc:subfield code="h">[microform].</marc:subfield>
      </marc:datafield>
      <marc:datafield tag="880" ind1="3" ind2="0">
         <marc:subfield code="6">246-04/r</marc:subfield>
         <marc:subfield code="a">شرح لطيف لابي المظفر ناصر بن المطرزي على المقامات التي انشأها الامام جمال العصر ابي القاسم بن علي الحريري</marc:subfield>
      </marc:datafield>
      <marc:datafield tag="880" ind1=" " ind2=" ">
         <marc:subfield code="6">260-05/r</marc:subfield>
         <marc:subfield code="a">[طهران؟ :</marc:subfield>
         <marc:subfield code="b">s.n.]،</marc:subfield>
         <marc:subfield code="c">1272 [1856]</marc:subfield>
      </marc:datafield>
      <marc:datafield tag="880" ind1=" " ind2=" ">
         <marc:subfield code="6">500-06/r</marc:subfield>
         <marc:subfield code="a">Copy 2 with copy 2 of: درة الغواص في اوهام الخواص / للامام الحريري. [ر : مطبعة الحجر الحميدة]، 1273 [1857]</marc:subfield>
      </marc:datafield>
      <marc:datafield tag="880" ind1="0" ind2="0">
         <marc:subfield code="6">600-07/r</marc:subfield>
         <marc:subfield code="a">حريري،</marc:subfield>
         <marc:subfield code="d">1054-1122.</marc:subfield>
         <marc:subfield code="t">مقامات.</marc:subfield>
      </marc:datafield>
      <marc:datafield tag="880" ind1="0" ind2=" ">
         <marc:subfield code="6">740-08/r</marc:subfield>
         <marc:subfield code="a">شرح لطيف لابي المظفر ناصر بن المطرزي على المقامات التي انشأها الامام جمال العصر ابي القاسم بن علي الحريري.</marc:subfield>
      </marc:datafield>
      <marc:datafield tag="852" ind1="0" ind2=" ">
         <marc:subfield code="b">nec</marc:subfield>
         <marc:subfield code="h">PJ6151</marc:subfield>
         <marc:subfield code="i">.H375 1857</marc:subfield>
         <marc:subfield code="p">1289928</marc:subfield>
         <marc:subfield code="x">reclassed from: 2271.32.331 1857</marc:subfield>
      </marc:datafield>
      <marc:datafield tag="852" ind1="0" ind2=" ">
         <marc:subfield code="b">nec</marc:subfield>
         <marc:subfield code="t">2</marc:subfield>
         <marc:subfield code="h">PJ6151</marc:subfield>
         <marc:subfield code="i">.H375 1857</marc:subfield>
         <marc:subfield code="p">807750</marc:subfield>
         <marc:subfield code="x">reclassed from: 2271.32.831</marc:subfield>
      </marc:datafield>
      <marc:datafield tag="998" ind1=" " ind2=" ">
         <marc:subfield code="a">05/14/92</marc:subfield>
         <marc:subfield code="s">9124</marc:subfield>
         <marc:subfield code="n">NjP</marc:subfield>
         <marc:subfield code="w">NJPG92B26365</marc:subfield>
         <marc:subfield code="d">05/11/92</marc:subfield>
         <marc:subfield code="c">KC</marc:subfield>
         <marc:subfield code="b">EWH</marc:subfield>
         <marc:subfield code="i">920514</marc:subfield>
         <marc:subfield code="l">NJPG</marc:subfield>
      </marc:datafield>
      <marc:datafield tag="948" ind1=" " ind2=" ">
         <marc:subfield code="a">CON AACR2 bw set 01</marc:subfield>
      </marc:datafield>
      <marc:datafield tag="911" ind1=" " ind2=" ">
         <marc:subfield code="a">19921028</marc:subfield>
      </marc:datafield>
      <marc:datafield tag="912" ind1=" " ind2=" ">
         <marc:subfield code="a">19970311043426.0</marc:subfield>
      </marc:datafield>
      <marc:datafield tag="994" ind1=" " ind2=" ">
         <marc:subfield code="a">C0</marc:subfield>
         <marc:subfield code="b">PUL</marc:subfield>
      </marc:datafield>
      <marc:datafield tag="999" ind1=" " ind2=" ">
         <marc:subfield code="a">719355</marc:subfield>
      </marc:datafield>
   </marc:record>
</marc:collection>
